%YAML 1.1
%TAG !u! tag:unity3d.com,2011:
--- !u!29 &1
SceneSettings:
  m_ObjectHideFlags: 0
  m_PVSData: 
  m_QueryMode: 1
  m_PVSObjectsArray: []
  m_PVSPortalsArray: []
  m_OcclusionBakeSettings:
    viewCellSize: 1
    bakeMode: 2
    memoryUsage: 10485760
--- !u!104 &2
RenderSettings:
  m_Fog: 0
  m_FogColor: {r: .5, g: .5, b: .5, a: 1}
  m_FogMode: 3
  m_FogDensity: .00999999978
  m_LinearFogStart: 0
  m_LinearFogEnd: 300
  m_AmbientLight: {r: .200000003, g: .200000003, b: .200000003, a: 1}
  m_SkyboxMaterial: {fileID: 0}
  m_HaloStrength: .5
  m_FlareStrength: 1
  m_HaloTexture: {fileID: 0}
  m_SpotCookie: {fileID: 0}
  m_ObjectHideFlags: 0
--- !u!127 &3
LevelGameManager:
  m_ObjectHideFlags: 0
--- !u!157 &4
LightmapSettings:
  m_ObjectHideFlags: 0
  m_LightProbes: {fileID: 0}
  m_Lightmaps: []
  m_LightmapsMode: 1
  m_BakedColorSpace: 0
  m_UseDualLightmapsInForward: 0
  m_LightmapEditorSettings:
    m_Resolution: 50
    m_LastUsedResolution: 0
    m_TextureWidth: 1024
    m_TextureHeight: 1024
    m_BounceBoost: 1
    m_BounceIntensity: 1
    m_SkyLightColor: {r: .860000014, g: .930000007, b: 1, a: 1}
    m_SkyLightIntensity: 0
    m_Quality: 0
    m_Bounces: 1
    m_FinalGatherRays: 1000
    m_FinalGatherContrastThreshold: .0500000007
    m_FinalGatherGradientThreshold: 0
    m_FinalGatherInterpolationPoints: 15
    m_AOAmount: 0
    m_AOMaxDistance: .100000001
    m_AOContrast: 1
    m_LODSurfaceMappingDistance: 1
    m_Padding: 0
    m_TextureCompression: 0
    m_LockAtlas: 0
--- !u!196 &5
NavMeshSettings:
  m_ObjectHideFlags: 0
  m_BuildSettings:
    agentRadius: .5
    agentHeight: 2
    agentSlope: 45
    agentClimb: .400000006
    ledgeDropHeight: 0
    maxJumpAcrossDistance: 0
    accuratePlacement: 0
    minRegionArea: 2
    widthInaccuracy: 16.666666
    heightInaccuracy: 10
  m_NavMesh: {fileID: 0}
--- !u!1 &47130819
GameObject:
  m_ObjectHideFlags: 0
  m_PrefabParentObject: {fileID: 100000, guid: eb6e6be14555ba243a64141e7425a7f4, type: 2}
  m_PrefabInternal: {fileID: 1538935971}
  serializedVersion: 4
  m_Component:
  - 4: {fileID: 47130820}
  - 23: {fileID: 47130822}
  - 102: {fileID: 47130821}
  m_Layer: 0
  m_Name: Volume
  m_TagString: Untagged
  m_Icon: {fileID: 0}
  m_NavMeshLayer: 0
  m_StaticEditorFlags: 0
  m_IsActive: 1
--- !u!4 &47130820
Transform:
  m_ObjectHideFlags: 0
  m_PrefabParentObject: {fileID: 400000, guid: eb6e6be14555ba243a64141e7425a7f4, type: 2}
  m_PrefabInternal: {fileID: 1538935971}
  m_GameObject: {fileID: 47130819}
  m_LocalRotation: {x: 0, y: 1, z: 0, w: 0}
  m_LocalPosition: {x: -.426362872, y: 0, z: 0}
  m_LocalScale: {x: 1, y: 1, z: 1}
  m_Children: []
  m_Father: {fileID: 1926454687}
--- !u!102 &47130821
TextMesh:
  serializedVersion: 3
  m_ObjectHideFlags: 0
  m_PrefabParentObject: {fileID: 10200000, guid: eb6e6be14555ba243a64141e7425a7f4,
    type: 2}
  m_PrefabInternal: {fileID: 1538935971}
  m_GameObject: {fileID: 47130819}
  m_Text: 100
  m_OffsetZ: 0
  m_CharacterSize: .00999999978
  m_LineSpacing: 1
  m_Anchor: 0
  m_Alignment: 0
  m_TabSize: 4
  m_FontSize: 35
  m_FontStyle: 0
  m_RichText: 1
  m_Font: {fileID: 12800000, guid: 52e51c9689773b94a95e2fd82f3219fc, type: 3}
  m_Color:
    serializedVersion: 2
    rgba: 4294967295
--- !u!23 &47130822
Renderer:
  m_ObjectHideFlags: 0
  m_PrefabParentObject: {fileID: 2300000, guid: eb6e6be14555ba243a64141e7425a7f4,
    type: 2}
  m_PrefabInternal: {fileID: 1538935971}
  m_GameObject: {fileID: 47130819}
  m_Enabled: 1
  m_CastShadows: 1
  m_ReceiveShadows: 1
  m_LightmapIndex: 255
  m_LightmapTilingOffset: {x: 1, y: 1, z: 0, w: 0}
  m_Materials:
  - {fileID: 2100000, guid: 52e51c9689773b94a95e2fd82f3219fc, type: 3}
  m_SubsetIndices: 
  m_StaticBatchRoot: {fileID: 0}
  m_UseLightProbes: 0
  m_LightProbeAnchor: {fileID: 0}
  m_ScaleInLightmap: 1
--- !u!1 &66901053
GameObject:
  m_ObjectHideFlags: 0
  m_PrefabParentObject: {fileID: 100002, guid: eb6e6be14555ba243a64141e7425a7f4, type: 2}
  m_PrefabInternal: {fileID: 1538935971}
  serializedVersion: 4
  m_Component:
  - 4: {fileID: 66901054}
  m_Layer: 0
  m_Name: Pause menu
  m_TagString: Untagged
  m_Icon: {fileID: 0}
  m_NavMeshLayer: 0
  m_StaticEditorFlags: 0
  m_IsActive: 1
--- !u!4 &66901054
Transform:
  m_ObjectHideFlags: 0
  m_PrefabParentObject: {fileID: 400002, guid: eb6e6be14555ba243a64141e7425a7f4, type: 2}
  m_PrefabInternal: {fileID: 1538935971}
  m_GameObject: {fileID: 66901053}
  m_LocalRotation: {x: 0, y: 0, z: 0, w: 1}
  m_LocalPosition: {x: 0, y: 0, z: 0}
  m_LocalScale: {x: 1, y: 1, z: 1}
  m_Children:
  - {fileID: 708615145}
  - {fileID: 1036897071}
  - {fileID: 1800287446}
  - {fileID: 1578509295}
  - {fileID: 1150915294}
  m_Father: {fileID: 0}
--- !u!1 &79802180
GameObject:
  m_ObjectHideFlags: 0
  m_PrefabParentObject: {fileID: 100004, guid: eb6e6be14555ba243a64141e7425a7f4, type: 2}
  m_PrefabInternal: {fileID: 1538935971}
  serializedVersion: 4
  m_Component:
  - 4: {fileID: 79802183}
  - 23: {fileID: 79802182}
  - 102: {fileID: 79802181}
  - 65: {fileID: 79802184}
  - 114: {fileID: 79802185}
  m_Layer: 0
  m_Name: Choice
  m_TagString: Untagged
  m_Icon: {fileID: 0}
  m_NavMeshLayer: 0
  m_StaticEditorFlags: 0
  m_IsActive: 1
--- !u!102 &79802181
TextMesh:
  serializedVersion: 3
  m_ObjectHideFlags: 0
  m_PrefabParentObject: {fileID: 10200002, guid: eb6e6be14555ba243a64141e7425a7f4,
    type: 2}
  m_PrefabInternal: {fileID: 1538935971}
  m_GameObject: {fileID: 79802180}
  m_Text: On
  m_OffsetZ: 0
  m_CharacterSize: .00999999978
  m_LineSpacing: 1
  m_Anchor: 0
  m_Alignment: 0
  m_TabSize: 4
  m_FontSize: 35
  m_FontStyle: 0
  m_RichText: 1
  m_Font: {fileID: 12800000, guid: 52e51c9689773b94a95e2fd82f3219fc, type: 3}
  m_Color:
    serializedVersion: 2
    rgba: 4294967295
--- !u!23 &79802182
Renderer:
  m_ObjectHideFlags: 0
  m_PrefabParentObject: {fileID: 2300002, guid: eb6e6be14555ba243a64141e7425a7f4,
    type: 2}
  m_PrefabInternal: {fileID: 1538935971}
  m_GameObject: {fileID: 79802180}
  m_Enabled: 1
  m_CastShadows: 1
  m_ReceiveShadows: 1
  m_LightmapIndex: 255
  m_LightmapTilingOffset: {x: 1, y: 1, z: 0, w: 0}
  m_Materials:
  - {fileID: 2100000, guid: 52e51c9689773b94a95e2fd82f3219fc, type: 3}
  m_SubsetIndices: 
  m_StaticBatchRoot: {fileID: 0}
  m_UseLightProbes: 0
  m_LightProbeAnchor: {fileID: 0}
  m_ScaleInLightmap: 1
--- !u!4 &79802183
Transform:
  m_ObjectHideFlags: 0
  m_PrefabParentObject: {fileID: 400004, guid: eb6e6be14555ba243a64141e7425a7f4, type: 2}
  m_PrefabInternal: {fileID: 1538935971}
  m_GameObject: {fileID: 79802180}
  m_LocalRotation: {x: 0, y: 1, z: 0, w: 0}
  m_LocalPosition: {x: -.378289491, y: .019102037, z: 0}
  m_LocalScale: {x: 1, y: 1, z: 1}
  m_Children: []
  m_Father: {fileID: 1980101449}
--- !u!65 &79802184
BoxCollider:
  m_ObjectHideFlags: 0
  m_PrefabParentObject: {fileID: 6500000, guid: eb6e6be14555ba243a64141e7425a7f4,
    type: 2}
  m_PrefabInternal: {fileID: 1538935971}
  m_GameObject: {fileID: 79802180}
  m_Material: {fileID: 0}
  m_IsTrigger: 0
  m_Enabled: 1
  serializedVersion: 2
  m_Size: {x: .0470000021, y: .0574467815, z: 0}
  m_Center: {x: .0235000011, y: -.0287233908, z: 0}
--- !u!114 &79802185
MonoBehaviour:
  m_ObjectHideFlags: 0
  m_PrefabParentObject: {fileID: 11400000, guid: eb6e6be14555ba243a64141e7425a7f4,
    type: 2}
  m_PrefabInternal: {fileID: 1538935971}
  m_GameObject: {fileID: 79802180}
  m_Enabled: 1
  m_EditorHideFlags: 0
  m_Script: {fileID: 11500000, guid: 54fc80785a056684ebf40e242c6affec, type: 3}
  m_Name: 
  m_EditorClassIdentifier: 
  text: {fileID: 79802181}
--- !u!1 &262143753
GameObject:
  m_ObjectHideFlags: 0
  m_PrefabParentObject: {fileID: 100006, guid: eb6e6be14555ba243a64141e7425a7f4, type: 2}
  m_PrefabInternal: {fileID: 1538935971}
  serializedVersion: 4
  m_Component:
  - 4: {fileID: 262143754}
  - 23: {fileID: 262143756}
  - 102: {fileID: 262143755}
  m_Layer: 0
  m_Name: Text
  m_TagString: Untagged
  m_Icon: {fileID: 0}
  m_NavMeshLayer: 0
  m_StaticEditorFlags: 0
  m_IsActive: 1
--- !u!4 &262143754
Transform:
  m_ObjectHideFlags: 0
  m_PrefabParentObject: {fileID: 400006, guid: eb6e6be14555ba243a64141e7425a7f4, type: 2}
  m_PrefabInternal: {fileID: 1538935971}
  m_GameObject: {fileID: 262143753}
  m_LocalRotation: {x: 0, y: 1, z: 0, w: -4.37113883e-08}
  m_LocalPosition: {x: -.0136870742, y: .019102037, z: 0}
  m_LocalScale: {x: 1, y: 1, z: 1}
  m_Children: []
  m_Father: {fileID: 1119599078}
--- !u!102 &262143755
TextMesh:
  serializedVersion: 3
  m_ObjectHideFlags: 0
  m_PrefabParentObject: {fileID: 10200004, guid: eb6e6be14555ba243a64141e7425a7f4,
    type: 2}
  m_PrefabInternal: {fileID: 1538935971}
  m_GameObject: {fileID: 262143753}
  m_Text: 'Kitten left :'
  m_OffsetZ: 0
  m_CharacterSize: .00999999978
  m_LineSpacing: 1
  m_Anchor: 0
  m_Alignment: 0
  m_TabSize: 4
  m_FontSize: 35
  m_FontStyle: 0
  m_RichText: 1
  m_Font: {fileID: 12800000, guid: 52e51c9689773b94a95e2fd82f3219fc, type: 3}
  m_Color:
    serializedVersion: 2
    rgba: 4294967295
--- !u!23 &262143756
Renderer:
  m_ObjectHideFlags: 0
  m_PrefabParentObject: {fileID: 2300004, guid: eb6e6be14555ba243a64141e7425a7f4,
    type: 2}
  m_PrefabInternal: {fileID: 1538935971}
  m_GameObject: {fileID: 262143753}
  m_Enabled: 1
  m_CastShadows: 1
  m_ReceiveShadows: 1
  m_LightmapIndex: 255
  m_LightmapTilingOffset: {x: 1, y: 1, z: 0, w: 0}
  m_Materials:
  - {fileID: 2100000, guid: 52e51c9689773b94a95e2fd82f3219fc, type: 3}
  m_SubsetIndices: 
  m_StaticBatchRoot: {fileID: 0}
  m_UseLightProbes: 0
  m_LightProbeAnchor: {fileID: 0}
  m_ScaleInLightmap: 1
--- !u!1 &276043891
GameObject:
  m_ObjectHideFlags: 0
  m_PrefabParentObject: {fileID: 100008, guid: eb6e6be14555ba243a64141e7425a7f4, type: 2}
  m_PrefabInternal: {fileID: 1538935971}
  serializedVersion: 4
  m_Component:
  - 4: {fileID: 276043892}
  m_Layer: 0
  m_Name: Kitten catched
  m_TagString: Untagged
  m_Icon: {fileID: 0}
  m_NavMeshLayer: 0
  m_StaticEditorFlags: 0
  m_IsActive: 1
--- !u!4 &276043892
Transform:
  m_ObjectHideFlags: 0
  m_PrefabParentObject: {fileID: 400008, guid: eb6e6be14555ba243a64141e7425a7f4, type: 2}
  m_PrefabInternal: {fileID: 1538935971}
  m_GameObject: {fileID: 276043891}
  m_LocalRotation: {x: 0, y: 0, z: 0, w: 1}
  m_LocalPosition: {x: .210000008, y: -.300000072, z: 0}
  m_LocalScale: {x: 1, y: 1, z: 1}
  m_Children:
  - {fileID: 805335028}
  - {fileID: 1201434219}
  m_Father: {fileID: 1578509295}
--- !u!1 &394952517
GameObject:
  m_ObjectHideFlags: 0
  m_PrefabParentObject: {fileID: 100010, guid: eb6e6be14555ba243a64141e7425a7f4, type: 2}
  m_PrefabInternal: {fileID: 1538935971}
  serializedVersion: 4
  m_Component:
  - 4: {fileID: 394952520}
  - 23: {fileID: 394952519}
  - 102: {fileID: 394952518}
  - 114: {fileID: 394952521}
  - 65: {fileID: 394952522}
  m_Layer: 0
  m_Name: Continue
  m_TagString: Untagged
  m_Icon: {fileID: 0}
  m_NavMeshLayer: 0
  m_StaticEditorFlags: 0
  m_IsActive: 1
--- !u!102 &394952518
TextMesh:
  serializedVersion: 3
  m_ObjectHideFlags: 0
  m_PrefabParentObject: {fileID: 10200006, guid: eb6e6be14555ba243a64141e7425a7f4,
    type: 2}
  m_PrefabInternal: {fileID: 1538935971}
  m_GameObject: {fileID: 394952517}
  m_Text: Continue
  m_OffsetZ: 0
  m_CharacterSize: .00999999978
  m_LineSpacing: 1
  m_Anchor: 0
  m_Alignment: 0
  m_TabSize: 4
  m_FontSize: 35
  m_FontStyle: 0
  m_RichText: 1
  m_Font: {fileID: 12800000, guid: 52e51c9689773b94a95e2fd82f3219fc, type: 3}
  m_Color:
    serializedVersion: 2
    rgba: 4294967295
--- !u!23 &394952519
Renderer:
  m_ObjectHideFlags: 0
  m_PrefabParentObject: {fileID: 2300006, guid: eb6e6be14555ba243a64141e7425a7f4,
    type: 2}
  m_PrefabInternal: {fileID: 1538935971}
  m_GameObject: {fileID: 394952517}
  m_Enabled: 1
  m_CastShadows: 1
  m_ReceiveShadows: 1
  m_LightmapIndex: 255
  m_LightmapTilingOffset: {x: 1, y: 1, z: 0, w: 0}
  m_Materials:
  - {fileID: 2100000, guid: 52e51c9689773b94a95e2fd82f3219fc, type: 3}
  m_SubsetIndices: 
  m_StaticBatchRoot: {fileID: 0}
  m_UseLightProbes: 0
  m_LightProbeAnchor: {fileID: 0}
  m_ScaleInLightmap: 1
--- !u!4 &394952520
Transform:
  m_ObjectHideFlags: 0
  m_PrefabParentObject: {fileID: 400010, guid: eb6e6be14555ba243a64141e7425a7f4, type: 2}
  m_PrefabInternal: {fileID: 1538935971}
  m_GameObject: {fileID: 394952517}
  m_LocalRotation: {x: 0, y: 1, z: 0, w: -4.37113883e-08}
  m_LocalPosition: {x: .00360399485, y: -.00821554661, z: 0}
  m_LocalScale: {x: 1, y: 1, z: 1}
  m_Children: []
  m_Father: {fileID: 1578509295}
--- !u!114 &394952521
MonoBehaviour:
  m_ObjectHideFlags: 0
  m_PrefabParentObject: {fileID: 11400002, guid: eb6e6be14555ba243a64141e7425a7f4,
    type: 2}
  m_PrefabInternal: {fileID: 1538935971}
  m_GameObject: {fileID: 394952517}
  m_Enabled: 1
  m_EditorHideFlags: 0
  m_Script: {fileID: 11500000, guid: b8fb5fb5932193c49b3c16bdc97c8308, type: 3}
  m_Name: 
  m_EditorClassIdentifier: 
--- !u!65 &394952522
BoxCollider:
  m_ObjectHideFlags: 0
  m_PrefabParentObject: {fileID: 6500002, guid: eb6e6be14555ba243a64141e7425a7f4,
    type: 2}
  m_PrefabInternal: {fileID: 1538935971}
  m_GameObject: {fileID: 394952517}
  m_Material: {fileID: 0}
  m_IsTrigger: 0
  m_Enabled: 1
  serializedVersion: 2
  m_Size: {x: .173000008, y: .0574467815, z: 0}
  m_Center: {x: .0865000039, y: -.0287233908, z: 0}
--- !u!1 &436412732
GameObject:
  m_ObjectHideFlags: 0
  m_PrefabParentObject: {fileID: 100012, guid: eb6e6be14555ba243a64141e7425a7f4, type: 2}
  m_PrefabInternal: {fileID: 1538935971}
  serializedVersion: 4
  m_Component:
  - 4: {fileID: 436412733}
  - 33: {fileID: 436412735}
  - 23: {fileID: 436412734}
  m_Layer: 0
  m_Name: Cone
  m_TagString: Untagged
  m_Icon: {fileID: 0}
  m_NavMeshLayer: 0
  m_StaticEditorFlags: 0
  m_IsActive: 1
--- !u!4 &436412733
Transform:
  m_ObjectHideFlags: 0
  m_PrefabParentObject: {fileID: 400012, guid: eb6e6be14555ba243a64141e7425a7f4, type: 2}
  m_PrefabInternal: {fileID: 1538935971}
  m_GameObject: {fileID: 436412732}
  m_LocalRotation: {x: 0, y: .707106829, z: 0, w: .707106829}
  m_LocalPosition: {x: -.175317615, y: -.00107300282, z: .00241488218}
  m_LocalScale: {x: .00100000005, y: 1, z: 1}
  m_Children: []
  m_Father: {fileID: 1715848321}
--- !u!23 &436412734
Renderer:
  m_ObjectHideFlags: 0
  m_PrefabParentObject: {fileID: 2300008, guid: eb6e6be14555ba243a64141e7425a7f4,
    type: 2}
  m_PrefabInternal: {fileID: 1538935971}
  m_GameObject: {fileID: 436412732}
  m_Enabled: 1
  m_CastShadows: 1
  m_ReceiveShadows: 1
  m_LightmapIndex: 255
  m_LightmapTilingOffset: {x: 1, y: 1, z: 0, w: 0}
  m_Materials:
  - {fileID: 2100000, guid: 7d9c35ce37fd00645be4eb1cae7af1b2, type: 2}
  m_SubsetIndices: 
  m_StaticBatchRoot: {fileID: 0}
  m_UseLightProbes: 0
  m_LightProbeAnchor: {fileID: 0}
  m_ScaleInLightmap: 1
--- !u!33 &436412735
MeshFilter:
  m_ObjectHideFlags: 0
  m_PrefabParentObject: {fileID: 3300000, guid: eb6e6be14555ba243a64141e7425a7f4,
    type: 2}
  m_PrefabInternal: {fileID: 1538935971}
  m_GameObject: {fileID: 436412732}
  m_Mesh: {fileID: 4300000, guid: e57ca446827414547a559d915dde3321, type: 3}
--- !u!1 &440729820
GameObject:
  m_ObjectHideFlags: 0
  m_PrefabParentObject: {fileID: 100014, guid: eb6e6be14555ba243a64141e7425a7f4, type: 2}
  m_PrefabInternal: {fileID: 1538935971}
  serializedVersion: 4
  m_Component:
  - 4: {fileID: 440729821}
  - 114: {fileID: 440729822}
  m_Layer: 0
  m_Name: Left
  m_TagString: Untagged
  m_Icon: {fileID: 0}
  m_NavMeshLayer: 0
  m_StaticEditorFlags: 0
  m_IsActive: 1
--- !u!4 &440729821
Transform:
  m_ObjectHideFlags: 0
  m_PrefabParentObject: {fileID: 400014, guid: eb6e6be14555ba243a64141e7425a7f4, type: 2}
  m_PrefabInternal: {fileID: 1538935971}
  m_GameObject: {fileID: 440729820}
  m_LocalRotation: {x: 0, y: 0, z: 0, w: 1}
  m_LocalPosition: {x: -.22430633, y: -.0173674822, z: 0}
  m_LocalScale: {x: 1, y: 1, z: 1}
  m_Children:
  - {fileID: 859652444}
  m_Father: {fileID: 1926454687}
--- !u!114 &440729822
MonoBehaviour:
  m_ObjectHideFlags: 0
  m_PrefabParentObject: {fileID: 11400004, guid: eb6e6be14555ba243a64141e7425a7f4,
    type: 2}
  m_PrefabInternal: {fileID: 1538935971}
  m_GameObject: {fileID: 440729820}
  m_Enabled: 1
  m_EditorHideFlags: 0
  m_Script: {fileID: 11500000, guid: 5eb4ee0133dbf294dadbbe5839fb6b17, type: 3}
  m_Name: 
  m_EditorClassIdentifier: 
  text: {fileID: 1318342581}
  side: left
--- !u!1 &708615141
GameObject:
  m_ObjectHideFlags: 0
  m_PrefabParentObject: {fileID: 100016, guid: eb6e6be14555ba243a64141e7425a7f4, type: 2}
  m_PrefabInternal: {fileID: 1538935971}
  serializedVersion: 4
  m_Component:
  - 4: {fileID: 708615145}
  - 33: {fileID: 708615144}
  - 64: {fileID: 708615143}
  - 23: {fileID: 708615142}
  m_Layer: 0
  m_Name: Background
  m_TagString: Untagged
  m_Icon: {fileID: 0}
  m_NavMeshLayer: 0
  m_StaticEditorFlags: 0
  m_IsActive: 1
--- !u!23 &708615142
Renderer:
  m_ObjectHideFlags: 0
  m_PrefabParentObject: {fileID: 2300010, guid: eb6e6be14555ba243a64141e7425a7f4,
    type: 2}
  m_PrefabInternal: {fileID: 1538935971}
  m_GameObject: {fileID: 708615141}
  m_Enabled: 1
  m_CastShadows: 1
  m_ReceiveShadows: 1
  m_LightmapIndex: 255
  m_LightmapTilingOffset: {x: 1, y: 1, z: 0, w: 0}
  m_Materials:
  - {fileID: 2100000, guid: 059294dc657320748b4dcc007bd91d02, type: 2}
  m_SubsetIndices: 
  m_StaticBatchRoot: {fileID: 0}
  m_UseLightProbes: 0
  m_LightProbeAnchor: {fileID: 0}
  m_ScaleInLightmap: 1
--- !u!64 &708615143
MeshCollider:
  m_ObjectHideFlags: 0
  m_PrefabParentObject: {fileID: 6400000, guid: eb6e6be14555ba243a64141e7425a7f4,
    type: 2}
  m_PrefabInternal: {fileID: 1538935971}
  m_GameObject: {fileID: 708615141}
  m_Material: {fileID: 0}
  m_IsTrigger: 0
  m_Enabled: 1
  serializedVersion: 2
  m_SmoothSphereCollisions: 0
  m_Convex: 0
  m_Mesh: {fileID: 10209, guid: 0000000000000000e000000000000000, type: 0}
--- !u!33 &708615144
MeshFilter:
  m_ObjectHideFlags: 0
  m_PrefabParentObject: {fileID: 3300002, guid: eb6e6be14555ba243a64141e7425a7f4,
    type: 2}
  m_PrefabInternal: {fileID: 1538935971}
  m_GameObject: {fileID: 708615141}
  m_Mesh: {fileID: 10209, guid: 0000000000000000e000000000000000, type: 0}
--- !u!4 &708615145
Transform:
  m_ObjectHideFlags: 0
  m_PrefabParentObject: {fileID: 400016, guid: eb6e6be14555ba243a64141e7425a7f4, type: 2}
  m_PrefabInternal: {fileID: 1538935971}
  m_GameObject: {fileID: 708615141}
  m_LocalRotation: {x: .707106829, y: 0, z: 0, w: .707106829}
  m_LocalPosition: {x: 0, y: 1, z: -1}
  m_LocalScale: {x: .109999999, y: 1, z: .0538918376}
  m_Children: []
  m_Father: {fileID: 66901054}
--- !u!1 &805335025
GameObject:
  m_ObjectHideFlags: 0
  m_PrefabParentObject: {fileID: 100018, guid: eb6e6be14555ba243a64141e7425a7f4, type: 2}
  m_PrefabInternal: {fileID: 1538935971}
  serializedVersion: 4
  m_Component:
  - 4: {fileID: 805335028}
  - 23: {fileID: 805335027}
  - 102: {fileID: 805335026}
  m_Layer: 0
  m_Name: Text
  m_TagString: Untagged
  m_Icon: {fileID: 0}
  m_NavMeshLayer: 0
  m_StaticEditorFlags: 0
  m_IsActive: 1
--- !u!102 &805335026
TextMesh:
  serializedVersion: 3
  m_ObjectHideFlags: 0
  m_PrefabParentObject: {fileID: 10200008, guid: eb6e6be14555ba243a64141e7425a7f4,
    type: 2}
  m_PrefabInternal: {fileID: 1538935971}
  m_GameObject: {fileID: 805335025}
  m_Text: 'Kitten catched :'
  m_OffsetZ: 0
  m_CharacterSize: .00999999978
  m_LineSpacing: 1
  m_Anchor: 0
  m_Alignment: 0
  m_TabSize: 4
  m_FontSize: 35
  m_FontStyle: 0
  m_RichText: 1
  m_Font: {fileID: 12800000, guid: 52e51c9689773b94a95e2fd82f3219fc, type: 3}
  m_Color:
    serializedVersion: 2
    rgba: 4294967295
--- !u!23 &805335027
Renderer:
  m_ObjectHideFlags: 0
  m_PrefabParentObject: {fileID: 2300012, guid: eb6e6be14555ba243a64141e7425a7f4,
    type: 2}
  m_PrefabInternal: {fileID: 1538935971}
  m_GameObject: {fileID: 805335025}
  m_Enabled: 1
  m_CastShadows: 1
  m_ReceiveShadows: 1
  m_LightmapIndex: 255
  m_LightmapTilingOffset: {x: 1, y: 1, z: 0, w: 0}
  m_Materials:
  - {fileID: 2100000, guid: 52e51c9689773b94a95e2fd82f3219fc, type: 3}
  m_SubsetIndices: 
  m_StaticBatchRoot: {fileID: 0}
  m_UseLightProbes: 0
  m_LightProbeAnchor: {fileID: 0}
  m_ScaleInLightmap: 1
--- !u!4 &805335028
Transform:
  m_ObjectHideFlags: 0
  m_PrefabParentObject: {fileID: 400018, guid: eb6e6be14555ba243a64141e7425a7f4, type: 2}
  m_PrefabInternal: {fileID: 1538935971}
  m_GameObject: {fileID: 805335025}
  m_LocalRotation: {x: 0, y: 1, z: 0, w: -4.37113883e-08}
  m_LocalPosition: {x: -.0136870742, y: .019102037, z: 0}
  m_LocalScale: {x: 1, y: 1, z: 1}
  m_Children: []
  m_Father: {fileID: 276043892}
--- !u!1 &859652443
GameObject:
  m_ObjectHideFlags: 0
  m_PrefabParentObject: {fileID: 100020, guid: eb6e6be14555ba243a64141e7425a7f4, type: 2}
  m_PrefabInternal: {fileID: 1538935971}
  serializedVersion: 4
  m_Component:
  - 4: {fileID: 859652444}
  - 33: {fileID: 859652446}
  - 23: {fileID: 859652445}
  m_Layer: 0
  m_Name: Cone
  m_TagString: Untagged
  m_Icon: {fileID: 0}
  m_NavMeshLayer: 0
  m_StaticEditorFlags: 0
  m_IsActive: 1
--- !u!4 &859652444
Transform:
  m_ObjectHideFlags: 0
  m_PrefabParentObject: {fileID: 400020, guid: eb6e6be14555ba243a64141e7425a7f4, type: 2}
  m_PrefabInternal: {fileID: 1538935971}
  m_GameObject: {fileID: 859652443}
  m_LocalRotation: {x: .707106829, y: -3.09086232e-08, z: -.707106829, w: -3.09086232e-08}
  m_LocalPosition: {x: -.175317615, y: -.00107300282, z: .00241488218}
  m_LocalScale: {x: .00100000005, y: 1, z: 1}
  m_Children: []
  m_Father: {fileID: 440729821}
--- !u!23 &859652445
Renderer:
  m_ObjectHideFlags: 0
  m_PrefabParentObject: {fileID: 2300014, guid: eb6e6be14555ba243a64141e7425a7f4,
    type: 2}
  m_PrefabInternal: {fileID: 1538935971}
  m_GameObject: {fileID: 859652443}
  m_Enabled: 1
  m_CastShadows: 1
  m_ReceiveShadows: 1
  m_LightmapIndex: 255
  m_LightmapTilingOffset: {x: 1, y: 1, z: 0, w: 0}
  m_Materials:
  - {fileID: 2100000, guid: 7d9c35ce37fd00645be4eb1cae7af1b2, type: 2}
  m_SubsetIndices: 
  m_StaticBatchRoot: {fileID: 0}
  m_UseLightProbes: 0
  m_LightProbeAnchor: {fileID: 0}
  m_ScaleInLightmap: 1
--- !u!33 &859652446
MeshFilter:
  m_ObjectHideFlags: 0
  m_PrefabParentObject: {fileID: 3300004, guid: eb6e6be14555ba243a64141e7425a7f4,
    type: 2}
  m_PrefabInternal: {fileID: 1538935971}
  m_GameObject: {fileID: 859652443}
  m_Mesh: {fileID: 4300000, guid: e57ca446827414547a559d915dde3321, type: 3}
--- !u!1 &901307655
GameObject:
  m_ObjectHideFlags: 0
  m_PrefabParentObject: {fileID: 100022, guid: eb6e6be14555ba243a64141e7425a7f4, type: 2}
  m_PrefabInternal: {fileID: 1538935971}
  serializedVersion: 4
  m_Component:
  - 4: {fileID: 901307656}
  m_Layer: 0
  m_Name: Right
  m_TagString: Untagged
  m_Icon: {fileID: 0}
  m_NavMeshLayer: 0
  m_StaticEditorFlags: 0
  m_IsActive: 1
--- !u!4 &901307656
Transform:
  m_ObjectHideFlags: 0
  m_PrefabParentObject: {fileID: 400022, guid: eb6e6be14555ba243a64141e7425a7f4, type: 2}
  m_PrefabInternal: {fileID: 1538935971}
  m_GameObject: {fileID: 901307655}
  m_LocalRotation: {x: 0, y: 0, z: 0, w: 1}
  m_LocalPosition: {x: -.339554995, y: -.0170000009, z: 0}
  m_LocalScale: {x: 1, y: 1, z: 1}
  m_Children:
  - {fileID: 1198298834}
  m_Father: {fileID: 1330094413}
--- !u!1 &1026806700
GameObject:
  m_ObjectHideFlags: 0
  m_PrefabParentObject: {fileID: 100024, guid: eb6e6be14555ba243a64141e7425a7f4, type: 2}
  m_PrefabInternal: {fileID: 1538935971}
  serializedVersion: 4
  m_Component:
  - 4: {fileID: 1026806701}
  - 23: {fileID: 1026806703}
  - 102: {fileID: 1026806702}
  m_Layer: 0
  m_Name: Text
  m_TagString: Untagged
  m_Icon: {fileID: 0}
  m_NavMeshLayer: 0
  m_StaticEditorFlags: 0
  m_IsActive: 1
--- !u!4 &1026806701
Transform:
  m_ObjectHideFlags: 0
  m_PrefabParentObject: {fileID: 400024, guid: eb6e6be14555ba243a64141e7425a7f4, type: 2}
  m_PrefabInternal: {fileID: 1538935971}
  m_GameObject: {fileID: 1026806700}
  m_LocalRotation: {x: 0, y: 1, z: 0, w: -4.37113883e-08}
  m_LocalPosition: {x: -.0136870742, y: .019102037, z: 0}
  m_LocalScale: {x: 1, y: 1, z: 1}
  m_Children: []
  m_Father: {fileID: 1980101449}
--- !u!102 &1026806702
TextMesh:
  serializedVersion: 3
  m_ObjectHideFlags: 0
  m_PrefabParentObject: {fileID: 10200010, guid: eb6e6be14555ba243a64141e7425a7f4,
    type: 2}
  m_PrefabInternal: {fileID: 1538935971}
  m_GameObject: {fileID: 1026806700}
  m_Text: 'Screenshots :'
  m_OffsetZ: 0
  m_CharacterSize: .00999999978
  m_LineSpacing: 1
  m_Anchor: 0
  m_Alignment: 0
  m_TabSize: 4
  m_FontSize: 35
  m_FontStyle: 0
  m_RichText: 1
  m_Font: {fileID: 12800000, guid: 52e51c9689773b94a95e2fd82f3219fc, type: 3}
  m_Color:
    serializedVersion: 2
    rgba: 4294967295
--- !u!23 &1026806703
Renderer:
  m_ObjectHideFlags: 0
  m_PrefabParentObject: {fileID: 2300016, guid: eb6e6be14555ba243a64141e7425a7f4,
    type: 2}
  m_PrefabInternal: {fileID: 1538935971}
  m_GameObject: {fileID: 1026806700}
  m_Enabled: 1
  m_CastShadows: 1
  m_ReceiveShadows: 1
  m_LightmapIndex: 255
  m_LightmapTilingOffset: {x: 1, y: 1, z: 0, w: 0}
  m_Materials:
  - {fileID: 2100000, guid: 52e51c9689773b94a95e2fd82f3219fc, type: 3}
  m_SubsetIndices: 
  m_StaticBatchRoot: {fileID: 0}
  m_UseLightProbes: 0
  m_LightProbeAnchor: {fileID: 0}
  m_ScaleInLightmap: 1
--- !u!1 &1035003907
GameObject:
  m_ObjectHideFlags: 0
  m_PrefabParentObject: {fileID: 100026, guid: eb6e6be14555ba243a64141e7425a7f4, type: 2}
  m_PrefabInternal: {fileID: 1538935971}
  serializedVersion: 4
  m_Component:
  - 4: {fileID: 1035003908}
  - 23: {fileID: 1035003910}
  - 102: {fileID: 1035003909}
  m_Layer: 0
  m_Name: Effect volume
  m_TagString: Untagged
  m_Icon: {fileID: 0}
  m_NavMeshLayer: 0
  m_StaticEditorFlags: 0
  m_IsActive: 1
--- !u!4 &1035003908
Transform:
  m_ObjectHideFlags: 0
  m_PrefabParentObject: {fileID: 400026, guid: eb6e6be14555ba243a64141e7425a7f4, type: 2}
  m_PrefabInternal: {fileID: 1538935971}
  m_GameObject: {fileID: 1035003907}
  m_LocalRotation: {x: 0, y: 1, z: 0, w: 0}
  m_LocalPosition: {x: 0, y: 0, z: 0}
  m_LocalScale: {x: 1, y: 1, z: 1}
  m_Children: []
  m_Father: {fileID: 1330094413}
--- !u!102 &1035003909
TextMesh:
  serializedVersion: 3
  m_ObjectHideFlags: 0
  m_PrefabParentObject: {fileID: 10200012, guid: eb6e6be14555ba243a64141e7425a7f4,
    type: 2}
  m_PrefabInternal: {fileID: 1538935971}
  m_GameObject: {fileID: 1035003907}
  m_Text: 'Effect volume :'
  m_OffsetZ: 0
  m_CharacterSize: .00999999978
  m_LineSpacing: 1
  m_Anchor: 0
  m_Alignment: 0
  m_TabSize: 4
  m_FontSize: 35
  m_FontStyle: 0
  m_RichText: 1
  m_Font: {fileID: 12800000, guid: 52e51c9689773b94a95e2fd82f3219fc, type: 3}
  m_Color:
    serializedVersion: 2
    rgba: 4294967295
--- !u!23 &1035003910
Renderer:
  m_ObjectHideFlags: 0
  m_PrefabParentObject: {fileID: 2300018, guid: eb6e6be14555ba243a64141e7425a7f4,
    type: 2}
  m_PrefabInternal: {fileID: 1538935971}
  m_GameObject: {fileID: 1035003907}
  m_Enabled: 1
  m_CastShadows: 1
  m_ReceiveShadows: 1
  m_LightmapIndex: 255
  m_LightmapTilingOffset: {x: 1, y: 1, z: 0, w: 0}
  m_Materials:
  - {fileID: 2100000, guid: 52e51c9689773b94a95e2fd82f3219fc, type: 3}
  m_SubsetIndices: 
  m_StaticBatchRoot: {fileID: 0}
  m_UseLightProbes: 0
  m_LightProbeAnchor: {fileID: 0}
  m_ScaleInLightmap: 1
--- !u!1 &1036897067
GameObject:
  m_ObjectHideFlags: 0
  m_PrefabParentObject: {fileID: 100028, guid: eb6e6be14555ba243a64141e7425a7f4, type: 2}
  m_PrefabInternal: {fileID: 1538935971}
  serializedVersion: 4
  m_Component:
  - 4: {fileID: 1036897071}
  - 33: {fileID: 1036897070}
  - 64: {fileID: 1036897069}
  - 23: {fileID: 1036897068}
  m_Layer: 0
  m_Name: Background contour
  m_TagString: Untagged
  m_Icon: {fileID: 0}
  m_NavMeshLayer: 0
  m_StaticEditorFlags: 0
  m_IsActive: 1
--- !u!23 &1036897068
Renderer:
  m_ObjectHideFlags: 0
  m_PrefabParentObject: {fileID: 2300020, guid: eb6e6be14555ba243a64141e7425a7f4,
    type: 2}
  m_PrefabInternal: {fileID: 1538935971}
  m_GameObject: {fileID: 1036897067}
  m_Enabled: 1
  m_CastShadows: 1
  m_ReceiveShadows: 1
  m_LightmapIndex: 255
  m_LightmapTilingOffset: {x: 1, y: 1, z: 0, w: 0}
  m_Materials:
  - {fileID: 2100000, guid: b03a81367a41e184faee5ed3ea3fb7c8, type: 2}
  m_SubsetIndices: 
  m_StaticBatchRoot: {fileID: 0}
  m_UseLightProbes: 0
  m_LightProbeAnchor: {fileID: 0}
  m_ScaleInLightmap: 1
--- !u!64 &1036897069
MeshCollider:
  m_ObjectHideFlags: 0
  m_PrefabParentObject: {fileID: 6400002, guid: eb6e6be14555ba243a64141e7425a7f4,
    type: 2}
  m_PrefabInternal: {fileID: 1538935971}
  m_GameObject: {fileID: 1036897067}
  m_Material: {fileID: 0}
  m_IsTrigger: 0
  m_Enabled: 1
  serializedVersion: 2
  m_SmoothSphereCollisions: 0
  m_Convex: 0
  m_Mesh: {fileID: 10209, guid: 0000000000000000e000000000000000, type: 0}
--- !u!33 &1036897070
MeshFilter:
  m_ObjectHideFlags: 0
  m_PrefabParentObject: {fileID: 3300006, guid: eb6e6be14555ba243a64141e7425a7f4,
    type: 2}
  m_PrefabInternal: {fileID: 1538935971}
  m_GameObject: {fileID: 1036897067}
  m_Mesh: {fileID: 10209, guid: 0000000000000000e000000000000000, type: 0}
--- !u!4 &1036897071
Transform:
  m_ObjectHideFlags: 0
  m_PrefabParentObject: {fileID: 400028, guid: eb6e6be14555ba243a64141e7425a7f4, type: 2}
  m_PrefabInternal: {fileID: 1538935971}
  m_GameObject: {fileID: 1036897067}
  m_LocalRotation: {x: .707106829, y: 0, z: 0, w: .707106829}
  m_LocalPosition: {x: 0, y: 1, z: -1.10000002}
  m_LocalScale: {x: .122000001, y: 1, z: .060351111}
  m_Children: []
  m_Father: {fileID: 66901054}
--- !u!1 &1052255285
GameObject:
  m_ObjectHideFlags: 0
  m_PrefabParentObject: {fileID: 100030, guid: eb6e6be14555ba243a64141e7425a7f4, type: 2}
  m_PrefabInternal: {fileID: 1538935971}
  serializedVersion: 4
  m_Component:
  - 4: {fileID: 1052255288}
  - 23: {fileID: 1052255287}
  - 102: {fileID: 1052255286}
  - 114: {fileID: 1052255289}
  - 65: {fileID: 1052255290}
  m_Layer: 0
  m_Name: Restart Level
  m_TagString: Untagged
  m_Icon: {fileID: 0}
  m_NavMeshLayer: 0
  m_StaticEditorFlags: 0
  m_IsActive: 1
--- !u!102 &1052255286
TextMesh:
  serializedVersion: 3
  m_ObjectHideFlags: 0
  m_PrefabParentObject: {fileID: 10200014, guid: eb6e6be14555ba243a64141e7425a7f4,
    type: 2}
  m_PrefabInternal: {fileID: 1538935971}
  m_GameObject: {fileID: 1052255285}
  m_Text: Restart level
  m_OffsetZ: 0
  m_CharacterSize: .00999999978
  m_LineSpacing: 1
  m_Anchor: 0
  m_Alignment: 0
  m_TabSize: 4
  m_FontSize: 35
  m_FontStyle: 0
  m_RichText: 1
  m_Font: {fileID: 12800000, guid: 52e51c9689773b94a95e2fd82f3219fc, type: 3}
  m_Color:
    serializedVersion: 2
    rgba: 4294967295
--- !u!23 &1052255287
Renderer:
  m_ObjectHideFlags: 0
  m_PrefabParentObject: {fileID: 2300022, guid: eb6e6be14555ba243a64141e7425a7f4,
    type: 2}
  m_PrefabInternal: {fileID: 1538935971}
  m_GameObject: {fileID: 1052255285}
  m_Enabled: 1
  m_CastShadows: 1
  m_ReceiveShadows: 1
  m_LightmapIndex: 255
  m_LightmapTilingOffset: {x: 1, y: 1, z: 0, w: 0}
  m_Materials:
  - {fileID: 2100000, guid: 52e51c9689773b94a95e2fd82f3219fc, type: 3}
  m_SubsetIndices: 
  m_StaticBatchRoot: {fileID: 0}
  m_UseLightProbes: 0
  m_LightProbeAnchor: {fileID: 0}
  m_ScaleInLightmap: 1
--- !u!4 &1052255288
Transform:
  m_ObjectHideFlags: 0
  m_PrefabParentObject: {fileID: 400030, guid: eb6e6be14555ba243a64141e7425a7f4, type: 2}
  m_PrefabInternal: {fileID: 1538935971}
  m_GameObject: {fileID: 1052255285}
  m_LocalRotation: {x: 0, y: 1, z: 0, w: -4.37113883e-08}
  m_LocalPosition: {x: .0558666289, y: -.0575767756, z: 0}
  m_LocalScale: {x: 1, y: 1, z: 1}
  m_Children: []
  m_Father: {fileID: 1578509295}
--- !u!114 &1052255289
MonoBehaviour:
  m_ObjectHideFlags: 0
  m_PrefabParentObject: {fileID: 11400006, guid: eb6e6be14555ba243a64141e7425a7f4,
    type: 2}
  m_PrefabInternal: {fileID: 1538935971}
  m_GameObject: {fileID: 1052255285}
  m_Enabled: 1
  m_EditorHideFlags: 0
  m_Script: {fileID: 11500000, guid: df53156cd79691046a0481c09317e103, type: 3}
  m_Name: 
  m_EditorClassIdentifier: 
--- !u!65 &1052255290
BoxCollider:
  m_ObjectHideFlags: 0
  m_PrefabParentObject: {fileID: 6500004, guid: eb6e6be14555ba243a64141e7425a7f4,
    type: 2}
  m_PrefabInternal: {fileID: 1538935971}
  m_GameObject: {fileID: 1052255285}
  m_Material: {fileID: 0}
  m_IsTrigger: 0
  m_Enabled: 1
  serializedVersion: 2
  m_Size: {x: .279000014, y: .0574467815, z: 0}
  m_Center: {x: .139500007, y: -.0287233908, z: 0}
--- !u!1 &1119599077
GameObject:
  m_ObjectHideFlags: 0
  m_PrefabParentObject: {fileID: 100032, guid: eb6e6be14555ba243a64141e7425a7f4, type: 2}
  m_PrefabInternal: {fileID: 1538935971}
  serializedVersion: 4
  m_Component:
  - 4: {fileID: 1119599078}
  m_Layer: 0
  m_Name: Kitten left
  m_TagString: Untagged
  m_Icon: {fileID: 0}
  m_NavMeshLayer: 0
  m_StaticEditorFlags: 0
  m_IsActive: 1
--- !u!4 &1119599078
Transform:
  m_ObjectHideFlags: 0
  m_PrefabParentObject: {fileID: 400032, guid: eb6e6be14555ba243a64141e7425a7f4, type: 2}
  m_PrefabInternal: {fileID: 1538935971}
  m_GameObject: {fileID: 1119599077}
  m_LocalRotation: {x: 0, y: 0, z: 0, w: 1}
  m_LocalPosition: {x: .210000008, y: -.344646454, z: 0}
  m_LocalScale: {x: 1, y: 1, z: 1}
  m_Children:
  - {fileID: 262143754}
  - {fileID: 1475422846}
  m_Father: {fileID: 1578509295}
--- !u!1 &1136585905
GameObject:
  m_ObjectHideFlags: 0
  m_PrefabParentObject: {fileID: 100034, guid: eb6e6be14555ba243a64141e7425a7f4, type: 2}
  m_PrefabInternal: {fileID: 1538935971}
  serializedVersion: 4
  m_Component:
  - 4: {fileID: 1136585906}
  - 114: {fileID: 1136585907}
  m_Layer: 0
  m_Name: Right
  m_TagString: Untagged
  m_Icon: {fileID: 0}
  m_NavMeshLayer: 0
  m_StaticEditorFlags: 0
  m_IsActive: 1
--- !u!4 &1136585906
Transform:
  m_ObjectHideFlags: 0
  m_PrefabParentObject: {fileID: 400034, guid: eb6e6be14555ba243a64141e7425a7f4, type: 2}
  m_PrefabInternal: {fileID: 1538935971}
  m_GameObject: {fileID: 1136585905}
  m_LocalRotation: {x: 0, y: 0, z: 0, w: 1}
  m_LocalPosition: {x: -.34430629, y: -.0173678398, z: 0}
  m_LocalScale: {x: 1, y: 1, z: 1}
  m_Children:
  - {fileID: 1868198809}
  m_Father: {fileID: 1926454687}
--- !u!114 &1136585907
MonoBehaviour:
  m_ObjectHideFlags: 0
  m_PrefabParentObject: {fileID: 11400008, guid: eb6e6be14555ba243a64141e7425a7f4,
    type: 2}
  m_PrefabInternal: {fileID: 1538935971}
  m_GameObject: {fileID: 1136585905}
  m_Enabled: 1
  m_EditorHideFlags: 0
  m_Script: {fileID: 11500000, guid: 5eb4ee0133dbf294dadbbe5839fb6b17, type: 3}
  m_Name: 
  m_EditorClassIdentifier: 
  text: {fileID: 1318342581}
  side: right
--- !u!1 &1150915289
GameObject:
  m_ObjectHideFlags: 0
  m_PrefabParentObject: {fileID: 100036, guid: eb6e6be14555ba243a64141e7425a7f4, type: 2}
  m_PrefabInternal: {fileID: 1538935971}
  serializedVersion: 4
  m_Component:
  - 4: {fileID: 1150915294}
  - 20: {fileID: 1150915293}
  - 92: {fileID: 1150915292}
  - 124: {fileID: 1150915291}
  - 81: {fileID: 1150915290}
  m_Layer: 0
  m_Name: Pause camera
  m_TagString: MainCamera
  m_Icon: {fileID: 0}
  m_NavMeshLayer: 0
  m_StaticEditorFlags: 0
  m_IsActive: 1
--- !u!81 &1150915290
AudioListener:
  m_ObjectHideFlags: 0
  m_PrefabParentObject: {fileID: 8100000, guid: eb6e6be14555ba243a64141e7425a7f4,
    type: 2}
  m_PrefabInternal: {fileID: 1538935971}
  m_GameObject: {fileID: 1150915289}
  m_Enabled: 1
--- !u!124 &1150915291
Behaviour:
  m_ObjectHideFlags: 0
  m_PrefabParentObject: {fileID: 12400000, guid: eb6e6be14555ba243a64141e7425a7f4,
    type: 2}
  m_PrefabInternal: {fileID: 1538935971}
  m_GameObject: {fileID: 1150915289}
  m_Enabled: 1
--- !u!92 &1150915292
Behaviour:
  m_ObjectHideFlags: 0
  m_PrefabParentObject: {fileID: 9200000, guid: eb6e6be14555ba243a64141e7425a7f4,
    type: 2}
  m_PrefabInternal: {fileID: 1538935971}
  m_GameObject: {fileID: 1150915289}
  m_Enabled: 1
--- !u!20 &1150915293
Camera:
  m_ObjectHideFlags: 0
  m_PrefabParentObject: {fileID: 2000000, guid: eb6e6be14555ba243a64141e7425a7f4,
    type: 2}
  m_PrefabInternal: {fileID: 1538935971}
  m_GameObject: {fileID: 1150915289}
  m_Enabled: 1
  serializedVersion: 2
  m_ClearFlags: 1
  m_BackGroundColor: {r: .192156866, g: .301960796, b: .474509805, a: .0196078438}
  m_NormalizedViewPortRect:
    serializedVersion: 2
    x: 0
    y: 0
    width: 1
    height: 1
  near clip plane: .300000012
  far clip plane: 1000
  field of view: 60
  orthographic: 0
  orthographic size: 100
  m_Depth: -1
  m_CullingMask:
    serializedVersion: 2
    m_Bits: 4294967295
  m_RenderingPath: -1
  m_TargetTexture: {fileID: 0}
  m_HDR: 0
--- !u!4 &1150915294
Transform:
  m_ObjectHideFlags: 0
  m_PrefabParentObject: {fileID: 400036, guid: eb6e6be14555ba243a64141e7425a7f4, type: 2}
  m_PrefabInternal: {fileID: 1538935971}
  m_GameObject: {fileID: 1150915289}
  m_LocalRotation: {x: 0, y: 1, z: 0, w: -4.37113883e-08}
  m_LocalPosition: {x: 0, y: 1, z: 0}
  m_LocalScale: {x: 1, y: 1, z: 1}
  m_Children: []
  m_Father: {fileID: 66901054}
--- !u!1 &1198298831
GameObject:
  m_ObjectHideFlags: 0
  m_PrefabParentObject: {fileID: 100038, guid: eb6e6be14555ba243a64141e7425a7f4, type: 2}
  m_PrefabInternal: {fileID: 1538935971}
  serializedVersion: 4
  m_Component:
  - 4: {fileID: 1198298834}
  - 33: {fileID: 1198298833}
  - 23: {fileID: 1198298832}
  m_Layer: 0
  m_Name: Cone
  m_TagString: Untagged
  m_Icon: {fileID: 0}
  m_NavMeshLayer: 0
  m_StaticEditorFlags: 0
  m_IsActive: 1
--- !u!23 &1198298832
Renderer:
  m_ObjectHideFlags: 0
  m_PrefabParentObject: {fileID: 2300024, guid: eb6e6be14555ba243a64141e7425a7f4,
    type: 2}
  m_PrefabInternal: {fileID: 1538935971}
  m_GameObject: {fileID: 1198298831}
  m_Enabled: 1
  m_CastShadows: 1
  m_ReceiveShadows: 1
  m_LightmapIndex: 255
  m_LightmapTilingOffset: {x: 1, y: 1, z: 0, w: 0}
  m_Materials:
  - {fileID: 2100000, guid: 7d9c35ce37fd00645be4eb1cae7af1b2, type: 2}
  m_SubsetIndices: 
  m_StaticBatchRoot: {fileID: 0}
  m_UseLightProbes: 0
  m_LightProbeAnchor: {fileID: 0}
  m_ScaleInLightmap: 1
--- !u!33 &1198298833
MeshFilter:
  m_ObjectHideFlags: 0
  m_PrefabParentObject: {fileID: 3300008, guid: eb6e6be14555ba243a64141e7425a7f4,
    type: 2}
  m_PrefabInternal: {fileID: 1538935971}
  m_GameObject: {fileID: 1198298831}
  m_Mesh: {fileID: 4300000, guid: e57ca446827414547a559d915dde3321, type: 3}
--- !u!4 &1198298834
Transform:
  m_ObjectHideFlags: 0
  m_PrefabParentObject: {fileID: 400038, guid: eb6e6be14555ba243a64141e7425a7f4, type: 2}
  m_PrefabInternal: {fileID: 1538935971}
  m_GameObject: {fileID: 1198298831}
  m_LocalRotation: {x: 0, y: .707106829, z: 0, w: -.707106829}
  m_LocalPosition: {x: -.174438655, y: -.00107300282, z: .00241488218}
  m_LocalScale: {x: .00100000005, y: 1, z: 1}
  m_Children: []
  m_Father: {fileID: 901307656}
--- !u!1 &1201434216
GameObject:
  m_ObjectHideFlags: 0
  m_PrefabParentObject: {fileID: 100040, guid: eb6e6be14555ba243a64141e7425a7f4, type: 2}
  m_PrefabInternal: {fileID: 1538935971}
  serializedVersion: 4
  m_Component:
  - 4: {fileID: 1201434219}
  - 23: {fileID: 1201434218}
  - 102: {fileID: 1201434217}
  m_Layer: 0
  m_Name: Number
  m_TagString: Untagged
  m_Icon: {fileID: 0}
  m_NavMeshLayer: 0
  m_StaticEditorFlags: 0
  m_IsActive: 1
--- !u!102 &1201434217
TextMesh:
  serializedVersion: 3
  m_ObjectHideFlags: 0
  m_PrefabParentObject: {fileID: 10200016, guid: eb6e6be14555ba243a64141e7425a7f4,
    type: 2}
  m_PrefabInternal: {fileID: 1538935971}
  m_GameObject: {fileID: 1201434216}
  m_Text: 42
  m_OffsetZ: 0
  m_CharacterSize: .00999999978
  m_LineSpacing: 1
  m_Anchor: 0
  m_Alignment: 0
  m_TabSize: 4
  m_FontSize: 35
  m_FontStyle: 0
  m_RichText: 1
  m_Font: {fileID: 12800000, guid: 52e51c9689773b94a95e2fd82f3219fc, type: 3}
  m_Color:
    serializedVersion: 2
    rgba: 4294967295
--- !u!23 &1201434218
Renderer:
  m_ObjectHideFlags: 0
  m_PrefabParentObject: {fileID: 2300026, guid: eb6e6be14555ba243a64141e7425a7f4,
    type: 2}
  m_PrefabInternal: {fileID: 1538935971}
  m_GameObject: {fileID: 1201434216}
  m_Enabled: 1
  m_CastShadows: 1
  m_ReceiveShadows: 1
  m_LightmapIndex: 255
  m_LightmapTilingOffset: {x: 1, y: 1, z: 0, w: 0}
  m_Materials:
  - {fileID: 2100000, guid: 52e51c9689773b94a95e2fd82f3219fc, type: 3}
  m_SubsetIndices: 
  m_StaticBatchRoot: {fileID: 0}
  m_UseLightProbes: 0
  m_LightProbeAnchor: {fileID: 0}
  m_ScaleInLightmap: 1
--- !u!4 &1201434219
Transform:
  m_ObjectHideFlags: 0
  m_PrefabParentObject: {fileID: 400040, guid: eb6e6be14555ba243a64141e7425a7f4, type: 2}
  m_PrefabInternal: {fileID: 1538935971}
  m_GameObject: {fileID: 1201434216}
  m_LocalRotation: {x: 0, y: 1, z: 0, w: 0}
  m_LocalPosition: {x: -.378289491, y: .019102037, z: 0}
  m_LocalScale: {x: 1, y: 1, z: 1}
  m_Children: []
  m_Father: {fileID: 276043892}
--- !u!1 &1296474014
GameObject:
  m_ObjectHideFlags: 0
  m_PrefabParentObject: {fileID: 100042, guid: eb6e6be14555ba243a64141e7425a7f4, type: 2}
  m_PrefabInternal: {fileID: 1538935971}
  serializedVersion: 4
  m_Component:
  - 4: {fileID: 1296474015}
  - 23: {fileID: 1296474017}
  - 102: {fileID: 1296474016}
  - 65: {fileID: 1296474018}
  - 114: {fileID: 1296474019}
  m_Layer: 0
  m_Name: Main menu
  m_TagString: Untagged
  m_Icon: {fileID: 0}
  m_NavMeshLayer: 0
  m_StaticEditorFlags: 0
  m_IsActive: 1
--- !u!4 &1296474015
Transform:
  m_ObjectHideFlags: 0
  m_PrefabParentObject: {fileID: 400042, guid: eb6e6be14555ba243a64141e7425a7f4, type: 2}
  m_PrefabInternal: {fileID: 1538935971}
  m_GameObject: {fileID: 1296474014}
  m_LocalRotation: {x: 0, y: 1, z: 0, w: 0}
  m_LocalPosition: {x: .0410849899, y: -.416886866, z: 0}
  m_LocalScale: {x: 1, y: 1, z: 1}
  m_Children: []
  m_Father: {fileID: 1578509295}
--- !u!102 &1296474016
TextMesh:
  serializedVersion: 3
  m_ObjectHideFlags: 0
  m_PrefabParentObject: {fileID: 10200018, guid: eb6e6be14555ba243a64141e7425a7f4,
    type: 2}
  m_PrefabInternal: {fileID: 1538935971}
  m_GameObject: {fileID: 1296474014}
  m_Text: Main Menu
  m_OffsetZ: 0
  m_CharacterSize: .00999999978
  m_LineSpacing: 1
  m_Anchor: 0
  m_Alignment: 0
  m_TabSize: 4
  m_FontSize: 35
  m_FontStyle: 0
  m_RichText: 1
  m_Font: {fileID: 12800000, guid: 52e51c9689773b94a95e2fd82f3219fc, type: 3}
  m_Color:
    serializedVersion: 2
    rgba: 4294967295
--- !u!23 &1296474017
Renderer:
  m_ObjectHideFlags: 0
  m_PrefabParentObject: {fileID: 2300028, guid: eb6e6be14555ba243a64141e7425a7f4,
    type: 2}
  m_PrefabInternal: {fileID: 1538935971}
  m_GameObject: {fileID: 1296474014}
  m_Enabled: 1
  m_CastShadows: 1
  m_ReceiveShadows: 1
  m_LightmapIndex: 255
  m_LightmapTilingOffset: {x: 1, y: 1, z: 0, w: 0}
  m_Materials:
  - {fileID: 2100000, guid: 52e51c9689773b94a95e2fd82f3219fc, type: 3}
  m_SubsetIndices: 
  m_StaticBatchRoot: {fileID: 0}
  m_UseLightProbes: 0
  m_LightProbeAnchor: {fileID: 0}
  m_ScaleInLightmap: 1
--- !u!65 &1296474018
BoxCollider:
  m_ObjectHideFlags: 0
  m_PrefabParentObject: {fileID: 6500006, guid: eb6e6be14555ba243a64141e7425a7f4,
    type: 2}
  m_PrefabInternal: {fileID: 1538935971}
  m_GameObject: {fileID: 1296474014}
  m_Material: {fileID: 0}
  m_IsTrigger: 0
  m_Enabled: 1
  serializedVersion: 2
  m_Size: {x: .209000006, y: .0574467815, z: 0}
  m_Center: {x: .104500003, y: -.0287233908, z: 0}
--- !u!114 &1296474019
MonoBehaviour:
  m_ObjectHideFlags: 0
  m_PrefabParentObject: {fileID: 11400010, guid: eb6e6be14555ba243a64141e7425a7f4,
    type: 2}
  m_PrefabInternal: {fileID: 1538935971}
  m_GameObject: {fileID: 1296474014}
  m_Enabled: 1
  m_EditorHideFlags: 0
  m_Script: {fileID: 11500000, guid: 48a1facd6e76b0446a1f7e8e68c9f0af, type: 3}
  m_Name: 
  m_EditorClassIdentifier: 
--- !u!1 &1318342580
GameObject:
  m_ObjectHideFlags: 0
  m_PrefabParentObject: {fileID: 100044, guid: eb6e6be14555ba243a64141e7425a7f4, type: 2}
  m_PrefabInternal: {fileID: 1538935971}
  serializedVersion: 4
  m_Component:
  - 4: {fileID: 1318342583}
  - 23: {fileID: 1318342582}
  - 102: {fileID: 1318342581}
  m_Layer: 0
  m_Name: Music volume
  m_TagString: Untagged
  m_Icon: {fileID: 0}
  m_NavMeshLayer: 0
  m_StaticEditorFlags: 0
  m_IsActive: 1
--- !u!102 &1318342581
TextMesh:
  serializedVersion: 3
  m_ObjectHideFlags: 0
  m_PrefabParentObject: {fileID: 10200020, guid: eb6e6be14555ba243a64141e7425a7f4,
    type: 2}
  m_PrefabInternal: {fileID: 1538935971}
  m_GameObject: {fileID: 1318342580}
  m_Text: 'Music volume :'
  m_OffsetZ: 0
  m_CharacterSize: .00999999978
  m_LineSpacing: 1
  m_Anchor: 0
  m_Alignment: 0
  m_TabSize: 4
  m_FontSize: 35
  m_FontStyle: 0
  m_RichText: 1
  m_Font: {fileID: 12800000, guid: 52e51c9689773b94a95e2fd82f3219fc, type: 3}
  m_Color:
    serializedVersion: 2
    rgba: 4294967295
--- !u!23 &1318342582
Renderer:
  m_ObjectHideFlags: 0
  m_PrefabParentObject: {fileID: 2300030, guid: eb6e6be14555ba243a64141e7425a7f4,
    type: 2}
  m_PrefabInternal: {fileID: 1538935971}
  m_GameObject: {fileID: 1318342580}
  m_Enabled: 1
  m_CastShadows: 1
  m_ReceiveShadows: 1
  m_LightmapIndex: 255
  m_LightmapTilingOffset: {x: 1, y: 1, z: 0, w: 0}
  m_Materials:
  - {fileID: 2100000, guid: 52e51c9689773b94a95e2fd82f3219fc, type: 3}
  m_SubsetIndices: 
  m_StaticBatchRoot: {fileID: 0}
  m_UseLightProbes: 0
  m_LightProbeAnchor: {fileID: 0}
  m_ScaleInLightmap: 1
--- !u!4 &1318342583
Transform:
  m_ObjectHideFlags: 0
  m_PrefabParentObject: {fileID: 400044, guid: eb6e6be14555ba243a64141e7425a7f4, type: 2}
  m_PrefabInternal: {fileID: 1538935971}
  m_GameObject: {fileID: 1318342580}
  m_LocalRotation: {x: 0, y: 1, z: 0, w: -4.37113883e-08}
  m_LocalPosition: {x: 0, y: 0, z: 0}
  m_LocalScale: {x: 1, y: 1, z: 1}
  m_Children: []
  m_Father: {fileID: 1926454687}
--- !u!1 &1330094412
GameObject:
  m_ObjectHideFlags: 0
  m_PrefabParentObject: {fileID: 100046, guid: eb6e6be14555ba243a64141e7425a7f4, type: 2}
  m_PrefabInternal: {fileID: 1538935971}
  serializedVersion: 4
  m_Component:
  - 4: {fileID: 1330094413}
  m_Layer: 0
  m_Name: Effect
  m_TagString: Untagged
  m_Icon: {fileID: 0}
  m_NavMeshLayer: 0
  m_StaticEditorFlags: 0
  m_IsActive: 1
--- !u!4 &1330094413
Transform:
  m_ObjectHideFlags: 0
  m_PrefabParentObject: {fileID: 400046, guid: eb6e6be14555ba243a64141e7425a7f4, type: 2}
  m_PrefabInternal: {fileID: 1538935971}
  m_GameObject: {fileID: 1330094412}
  m_LocalRotation: {x: 0, y: 0, z: 0, w: 1}
  m_LocalPosition: {x: .299999982, y: -.222341418, z: 0}
  m_LocalScale: {x: 1, y: 1, z: 1}
  m_Children:
  - {fileID: 1035003908}
  - {fileID: 1715848321}
  - {fileID: 901307656}
  - {fileID: 1391181810}
  m_Father: {fileID: 1578509295}
--- !u!1 &1391181809
GameObject:
  m_ObjectHideFlags: 0
  m_PrefabParentObject: {fileID: 100048, guid: eb6e6be14555ba243a64141e7425a7f4, type: 2}
  m_PrefabInternal: {fileID: 1538935971}
  serializedVersion: 4
  m_Component:
  - 4: {fileID: 1391181810}
  - 23: {fileID: 1391181812}
  - 102: {fileID: 1391181811}
  m_Layer: 0
  m_Name: Volume
  m_TagString: Untagged
  m_Icon: {fileID: 0}
  m_NavMeshLayer: 0
  m_StaticEditorFlags: 0
  m_IsActive: 1
--- !u!4 &1391181810
Transform:
  m_ObjectHideFlags: 0
  m_PrefabParentObject: {fileID: 400048, guid: eb6e6be14555ba243a64141e7425a7f4, type: 2}
  m_PrefabInternal: {fileID: 1538935971}
  m_GameObject: {fileID: 1391181809}
  m_LocalRotation: {x: 0, y: 1, z: 0, w: 0}
  m_LocalPosition: {x: -.422111839, y: 0, z: 0}
  m_LocalScale: {x: 1, y: 1, z: 1}
  m_Children: []
  m_Father: {fileID: 1330094413}
--- !u!102 &1391181811
TextMesh:
  serializedVersion: 3
  m_ObjectHideFlags: 0
  m_PrefabParentObject: {fileID: 10200022, guid: eb6e6be14555ba243a64141e7425a7f4,
    type: 2}
  m_PrefabInternal: {fileID: 1538935971}
  m_GameObject: {fileID: 1391181809}
  m_Text: 100
  m_OffsetZ: 0
  m_CharacterSize: .00999999978
  m_LineSpacing: 1
  m_Anchor: 0
  m_Alignment: 0
  m_TabSize: 4
  m_FontSize: 35
  m_FontStyle: 0
  m_RichText: 1
  m_Font: {fileID: 12800000, guid: 52e51c9689773b94a95e2fd82f3219fc, type: 3}
  m_Color:
    serializedVersion: 2
    rgba: 4294967295
--- !u!23 &1391181812
Renderer:
  m_ObjectHideFlags: 0
  m_PrefabParentObject: {fileID: 2300032, guid: eb6e6be14555ba243a64141e7425a7f4,
    type: 2}
  m_PrefabInternal: {fileID: 1538935971}
  m_GameObject: {fileID: 1391181809}
  m_Enabled: 1
  m_CastShadows: 1
  m_ReceiveShadows: 1
  m_LightmapIndex: 255
  m_LightmapTilingOffset: {x: 1, y: 1, z: 0, w: 0}
  m_Materials:
  - {fileID: 2100000, guid: 52e51c9689773b94a95e2fd82f3219fc, type: 3}
  m_SubsetIndices: 
  m_StaticBatchRoot: {fileID: 0}
  m_UseLightProbes: 0
  m_LightProbeAnchor: {fileID: 0}
  m_ScaleInLightmap: 1
--- !u!1 &1475422845
GameObject:
  m_ObjectHideFlags: 0
  m_PrefabParentObject: {fileID: 100050, guid: eb6e6be14555ba243a64141e7425a7f4, type: 2}
  m_PrefabInternal: {fileID: 1538935971}
  serializedVersion: 4
  m_Component:
  - 4: {fileID: 1475422846}
  - 23: {fileID: 1475422848}
  - 102: {fileID: 1475422847}
  m_Layer: 0
  m_Name: Number
  m_TagString: Untagged
  m_Icon: {fileID: 0}
  m_NavMeshLayer: 0
  m_StaticEditorFlags: 0
  m_IsActive: 1
--- !u!4 &1475422846
Transform:
  m_ObjectHideFlags: 0
  m_PrefabParentObject: {fileID: 400050, guid: eb6e6be14555ba243a64141e7425a7f4, type: 2}
  m_PrefabInternal: {fileID: 1538935971}
  m_GameObject: {fileID: 1475422845}
  m_LocalRotation: {x: 0, y: 1, z: 0, w: 0}
  m_LocalPosition: {x: -.378289491, y: .019102037, z: 0}
  m_LocalScale: {x: 1, y: 1, z: 1}
  m_Children: []
  m_Father: {fileID: 1119599078}
--- !u!102 &1475422847
TextMesh:
  serializedVersion: 3
  m_ObjectHideFlags: 0
  m_PrefabParentObject: {fileID: 10200024, guid: eb6e6be14555ba243a64141e7425a7f4,
    type: 2}
  m_PrefabInternal: {fileID: 1538935971}
  m_GameObject: {fileID: 1475422845}
  m_Text: 42
  m_OffsetZ: 0
  m_CharacterSize: .00999999978
  m_LineSpacing: 1
  m_Anchor: 0
  m_Alignment: 0
  m_TabSize: 4
  m_FontSize: 35
  m_FontStyle: 0
  m_RichText: 1
  m_Font: {fileID: 12800000, guid: 52e51c9689773b94a95e2fd82f3219fc, type: 3}
  m_Color:
    serializedVersion: 2
    rgba: 4294967295
--- !u!23 &1475422848
Renderer:
  m_ObjectHideFlags: 0
  m_PrefabParentObject: {fileID: 2300034, guid: eb6e6be14555ba243a64141e7425a7f4,
    type: 2}
  m_PrefabInternal: {fileID: 1538935971}
  m_GameObject: {fileID: 1475422845}
  m_Enabled: 1
  m_CastShadows: 1
  m_ReceiveShadows: 1
  m_LightmapIndex: 255
  m_LightmapTilingOffset: {x: 1, y: 1, z: 0, w: 0}
  m_Materials:
  - {fileID: 2100000, guid: 52e51c9689773b94a95e2fd82f3219fc, type: 3}
  m_SubsetIndices: 
  m_StaticBatchRoot: {fileID: 0}
  m_UseLightProbes: 0
  m_LightProbeAnchor: {fileID: 0}
  m_ScaleInLightmap: 1
--- !u!1001 &1538935971
Prefab:
  m_ObjectHideFlags: 0
  serializedVersion: 2
  m_Modification:
    m_TransformParent: {fileID: 0}
    m_Modifications:
    - target: {fileID: 400002, guid: eb6e6be14555ba243a64141e7425a7f4, type: 2}
      propertyPath: m_LocalPosition.x
      value: 0
      objectReference: {fileID: 0}
    - target: {fileID: 400002, guid: eb6e6be14555ba243a64141e7425a7f4, type: 2}
      propertyPath: m_LocalPosition.y
      value: 0
      objectReference: {fileID: 0}
    - target: {fileID: 400002, guid: eb6e6be14555ba243a64141e7425a7f4, type: 2}
      propertyPath: m_LocalPosition.z
      value: 0
      objectReference: {fileID: 0}
    - target: {fileID: 400002, guid: eb6e6be14555ba243a64141e7425a7f4, type: 2}
      propertyPath: m_LocalRotation.x
      value: 0
      objectReference: {fileID: 0}
    - target: {fileID: 400002, guid: eb6e6be14555ba243a64141e7425a7f4, type: 2}
      propertyPath: m_LocalRotation.y
      value: 0
      objectReference: {fileID: 0}
    - target: {fileID: 400002, guid: eb6e6be14555ba243a64141e7425a7f4, type: 2}
      propertyPath: m_LocalRotation.z
      value: 0
      objectReference: {fileID: 0}
    - target: {fileID: 400002, guid: eb6e6be14555ba243a64141e7425a7f4, type: 2}
      propertyPath: m_LocalRotation.w
      value: 1
      objectReference: {fileID: 0}
    - target: {fileID: 100002, guid: eb6e6be14555ba243a64141e7425a7f4, type: 2}
      propertyPath: m_Name
      value: Pause menu
      objectReference: {fileID: 0}
    m_RemovedComponents: []
  m_ParentPrefab: {fileID: 100100000, guid: eb6e6be14555ba243a64141e7425a7f4, type: 2}
  m_RootGameObject: {fileID: 66901053}
  m_IsPrefabParent: 0
  m_IsExploded: 1
--- !u!1 &1578509294
GameObject:
  m_ObjectHideFlags: 0
  m_PrefabParentObject: {fileID: 100052, guid: eb6e6be14555ba243a64141e7425a7f4, type: 2}
  m_PrefabInternal: {fileID: 1538935971}
  serializedVersion: 4
  m_Component:
  - 4: {fileID: 1578509295}
  m_Layer: 0
  m_Name: Menu components
  m_TagString: Untagged
  m_Icon: {fileID: 0}
  m_NavMeshLayer: 0
  m_StaticEditorFlags: 0
  m_IsActive: 1
--- !u!4 &1578509295
Transform:
  m_ObjectHideFlags: 0
  m_PrefabParentObject: {fileID: 400052, guid: eb6e6be14555ba243a64141e7425a7f4, type: 2}
  m_PrefabInternal: {fileID: 1538935971}
  m_GameObject: {fileID: 1578509294}
  m_LocalRotation: {x: 0, y: 0, z: 0, w: 1}
  m_LocalPosition: {x: .0900000036, y: 1.24480879, z: -.970000029}
  m_LocalScale: {x: 1, y: 1, z: 1}
  m_Children:
  - {fileID: 394952520}
  - {fileID: 1330094413}
  - {fileID: 276043892}
  - {fileID: 1119599078}
  - {fileID: 1926454687}
  - {fileID: 1052255288}
  - {fileID: 1980101449}
  - {fileID: 1784829356}
  - {fileID: 1296474015}
  m_Father: {fileID: 66901054}
--- !u!1 &1715848320
GameObject:
  m_ObjectHideFlags: 0
  m_PrefabParentObject: {fileID: 100054, guid: eb6e6be14555ba243a64141e7425a7f4, type: 2}
  m_PrefabInternal: {fileID: 1538935971}
  serializedVersion: 4
  m_Component:
  - 4: {fileID: 1715848321}
  m_Layer: 0
  m_Name: Left
  m_TagString: Untagged
  m_Icon: {fileID: 0}
  m_NavMeshLayer: 0
  m_StaticEditorFlags: 0
  m_IsActive: 1
--- !u!4 &1715848321
Transform:
  m_ObjectHideFlags: 0
  m_PrefabParentObject: {fileID: 400054, guid: eb6e6be14555ba243a64141e7425a7f4, type: 2}
  m_PrefabInternal: {fileID: 1538935971}
  m_GameObject: {fileID: 1715848320}
  m_LocalRotation: {x: 0, y: 0, z: 0, w: 1}
  m_LocalPosition: {x: -.219554991, y: -.0169932842, z: 0}
  m_LocalScale: {x: 1, y: 1, z: 1}
  m_Children:
  - {fileID: 436412733}
  m_Father: {fileID: 1330094413}
--- !u!1 &1784829353
GameObject:
  m_ObjectHideFlags: 0
  m_PrefabParentObject: {fileID: 100056, guid: eb6e6be14555ba243a64141e7425a7f4, type: 2}
  m_PrefabInternal: {fileID: 1538935971}
  serializedVersion: 4
  m_Component:
  - 4: {fileID: 1784829356}
  - 23: {fileID: 1784829355}
  - 102: {fileID: 1784829354}
  - 114: {fileID: 1784829357}
  - 65: {fileID: 1784829358}
  m_Layer: 0
  m_Name: Select level
  m_TagString: Untagged
  m_Icon: {fileID: 0}
  m_NavMeshLayer: 0
  m_StaticEditorFlags: 0
  m_IsActive: 1
--- !u!102 &1784829354
TextMesh:
  serializedVersion: 3
  m_ObjectHideFlags: 0
  m_PrefabParentObject: {fileID: 10200026, guid: eb6e6be14555ba243a64141e7425a7f4,
    type: 2}
  m_PrefabInternal: {fileID: 1538935971}
  m_GameObject: {fileID: 1784829353}
  m_Text: Select level
  m_OffsetZ: 0
  m_CharacterSize: .00999999978
  m_LineSpacing: 1
  m_Anchor: 0
  m_Alignment: 0
  m_TabSize: 4
  m_FontSize: 35
  m_FontStyle: 0
  m_RichText: 1
  m_Font: {fileID: 12800000, guid: 52e51c9689773b94a95e2fd82f3219fc, type: 3}
  m_Color:
    serializedVersion: 2
    rgba: 4294967295
--- !u!23 &1784829355
Renderer:
  m_ObjectHideFlags: 0
  m_PrefabParentObject: {fileID: 2300036, guid: eb6e6be14555ba243a64141e7425a7f4,
    type: 2}
  m_PrefabInternal: {fileID: 1538935971}
  m_GameObject: {fileID: 1784829353}
  m_Enabled: 1
  m_CastShadows: 1
  m_ReceiveShadows: 1
  m_LightmapIndex: 255
  m_LightmapTilingOffset: {x: 1, y: 1, z: 0, w: 0}
  m_Materials:
  - {fileID: 2100000, guid: 52e51c9689773b94a95e2fd82f3219fc, type: 3}
  m_SubsetIndices: 
  m_StaticBatchRoot: {fileID: 0}
  m_UseLightProbes: 0
  m_LightProbeAnchor: {fileID: 0}
  m_ScaleInLightmap: 1
--- !u!4 &1784829356
Transform:
  m_ObjectHideFlags: 0
  m_PrefabParentObject: {fileID: 400056, guid: eb6e6be14555ba243a64141e7425a7f4, type: 2}
  m_PrefabInternal: {fileID: 1538935971}
  m_GameObject: {fileID: 1784829353}
  m_LocalRotation: {x: 0, y: 1, z: 0, w: -4.37113883e-08}
  m_LocalPosition: {x: .041084528, y: -.114334345, z: 0}
  m_LocalScale: {x: 1, y: 1, z: 1}
  m_Children: []
  m_Father: {fileID: 1578509295}
--- !u!114 &1784829357
MonoBehaviour:
  m_ObjectHideFlags: 0
  m_PrefabParentObject: {fileID: 11400012, guid: eb6e6be14555ba243a64141e7425a7f4,
    type: 2}
  m_PrefabInternal: {fileID: 1538935971}
  m_GameObject: {fileID: 1784829353}
  m_Enabled: 1
  m_EditorHideFlags: 0
  m_Script: {fileID: 11500000, guid: 4c332c13493c2e24a8fe735128e9b885, type: 3}
  m_Name: 
  m_EditorClassIdentifier: 
--- !u!65 &1784829358
BoxCollider:
  m_ObjectHideFlags: 0
  m_PrefabParentObject: {fileID: 6500008, guid: eb6e6be14555ba243a64141e7425a7f4,
    type: 2}
  m_PrefabInternal: {fileID: 1538935971}
  m_GameObject: {fileID: 1784829353}
  m_Material: {fileID: 0}
  m_IsTrigger: 0
  m_Enabled: 1
  serializedVersion: 2
  m_Size: {x: .25, y: .0574467815, z: 0}
  m_Center: {x: .125, y: -.0287233908, z: 0}
--- !u!1 &1800287444
GameObject:
  m_ObjectHideFlags: 0
  m_PrefabParentObject: {fileID: 100058, guid: eb6e6be14555ba243a64141e7425a7f4, type: 2}
  m_PrefabInternal: {fileID: 1538935971}
  serializedVersion: 4
  m_Component:
  - 4: {fileID: 1800287446}
  - 108: {fileID: 1800287445}
  m_Layer: 0
  m_Name: Directional light
  m_TagString: Untagged
  m_Icon: {fileID: 0}
  m_NavMeshLayer: 0
  m_StaticEditorFlags: 0
  m_IsActive: 1
--- !u!108 &1800287445
Light:
  m_ObjectHideFlags: 0
  m_PrefabParentObject: {fileID: 10800000, guid: eb6e6be14555ba243a64141e7425a7f4,
    type: 2}
  m_PrefabInternal: {fileID: 1538935971}
  m_GameObject: {fileID: 1800287444}
  m_Enabled: 1
  serializedVersion: 3
  m_Type: 1
  m_Color: {r: 1, g: 1, b: 1, a: 1}
  m_Intensity: .5
  m_Range: 10
  m_SpotAngle: 30
  m_CookieSize: 10
  m_Shadows:
    m_Type: 0
    m_Resolution: -1
    m_Strength: 1
    m_Bias: .0500000007
    m_Softness: 4
    m_SoftnessFade: 1
  m_Cookie: {fileID: 0}
  m_DrawHalo: 0
  m_ActuallyLightmapped: 0
  m_Flare: {fileID: 0}
  m_RenderMode: 0
  m_CullingMask:
    serializedVersion: 2
    m_Bits: 4294967295
  m_Lightmapping: 1
  m_ShadowSamples: 1
  m_ShadowRadius: 0
  m_ShadowAngle: 0
  m_IndirectIntensity: 1
  m_AreaSize: {x: 1, y: 1}
--- !u!4 &1800287446
Transform:
  m_ObjectHideFlags: 0
  m_PrefabParentObject: {fileID: 400058, guid: eb6e6be14555ba243a64141e7425a7f4, type: 2}
  m_PrefabInternal: {fileID: 1538935971}
  m_GameObject: {fileID: 1800287444}
  m_LocalRotation: {x: .963767171, y: -.0172939152, z: .25824067, w: .0645417944}
  m_LocalPosition: {x: -1.30151248, y: 2.3782897, z: -1.34108543}
  m_LocalScale: {x: 1, y: 1, z: 1}
  m_Children: []
  m_Father: {fileID: 66901054}
--- !u!1 &1868198808
GameObject:
  m_ObjectHideFlags: 0
  m_PrefabParentObject: {fileID: 100060, guid: eb6e6be14555ba243a64141e7425a7f4, type: 2}
  m_PrefabInternal: {fileID: 1538935971}
  serializedVersion: 4
  m_Component:
  - 4: {fileID: 1868198809}
  - 33: {fileID: 1868198811}
  - 23: {fileID: 1868198810}
  m_Layer: 0
  m_Name: Cone
  m_TagString: Untagged
  m_Icon: {fileID: 0}
  m_NavMeshLayer: 0
  m_StaticEditorFlags: 0
  m_IsActive: 1
--- !u!4 &1868198809
Transform:
  m_ObjectHideFlags: 0
  m_PrefabParentObject: {fileID: 400060, guid: eb6e6be14555ba243a64141e7425a7f4, type: 2}
  m_PrefabInternal: {fileID: 1538935971}
  m_GameObject: {fileID: 1868198808}
  m_LocalRotation: {x: .707106829, y: 3.09086232e-08, z: .707106829, w: -3.09086232e-08}
  m_LocalPosition: {x: -.174438655, y: -.00107300282, z: .00241488218}
  m_LocalScale: {x: .00100000005, y: 1, z: 1}
  m_Children: []
  m_Father: {fileID: 1136585906}
--- !u!23 &1868198810
Renderer:
  m_ObjectHideFlags: 0
  m_PrefabParentObject: {fileID: 2300038, guid: eb6e6be14555ba243a64141e7425a7f4,
    type: 2}
  m_PrefabInternal: {fileID: 1538935971}
  m_GameObject: {fileID: 1868198808}
  m_Enabled: 1
  m_CastShadows: 1
  m_ReceiveShadows: 1
  m_LightmapIndex: 255
  m_LightmapTilingOffset: {x: 1, y: 1, z: 0, w: 0}
  m_Materials:
  - {fileID: 2100000, guid: 7d9c35ce37fd00645be4eb1cae7af1b2, type: 2}
  m_SubsetIndices: 
  m_StaticBatchRoot: {fileID: 0}
  m_UseLightProbes: 0
  m_LightProbeAnchor: {fileID: 0}
  m_ScaleInLightmap: 1
--- !u!33 &1868198811
MeshFilter:
  m_ObjectHideFlags: 0
  m_PrefabParentObject: {fileID: 3300010, guid: eb6e6be14555ba243a64141e7425a7f4,
    type: 2}
  m_PrefabInternal: {fileID: 1538935971}
  m_GameObject: {fileID: 1868198808}
  m_Mesh: {fileID: 4300000, guid: e57ca446827414547a559d915dde3321, type: 3}
--- !u!1 &1926454686
GameObject:
  m_ObjectHideFlags: 0
  m_PrefabParentObject: {fileID: 100062, guid: eb6e6be14555ba243a64141e7425a7f4, type: 2}
  m_PrefabInternal: {fileID: 1538935971}
  serializedVersion: 4
  m_Component:
  - 4: {fileID: 1926454687}
  m_Layer: 0
  m_Name: Music
  m_TagString: Untagged
  m_Icon: {fileID: 0}
  m_NavMeshLayer: 0
  m_StaticEditorFlags: 0
  m_IsActive: 1
--- !u!4 &1926454687
Transform:
  m_ObjectHideFlags: 0
  m_PrefabParentObject: {fileID: 400062, guid: eb6e6be14555ba243a64141e7425a7f4, type: 2}
  m_PrefabInternal: {fileID: 1538935971}
  m_GameObject: {fileID: 1926454686}
  m_LocalRotation: {x: 0, y: 0, z: 0, w: 1}
  m_LocalPosition: {x: .304751307, y: -.173907995, z: 0}
  m_LocalScale: {x: 1, y: 1, z: 1}
  m_Children:
  - {fileID: 1136585906}
  - {fileID: 1318342583}
  - {fileID: 440729821}
  - {fileID: 47130820}
  m_Father: {fileID: 1578509295}
--- !u!1 &1980101448
GameObject:
  m_ObjectHideFlags: 0
  m_PrefabParentObject: {fileID: 100064, guid: eb6e6be14555ba243a64141e7425a7f4, type: 2}
  m_PrefabInternal: {fileID: 1538935971}
  serializedVersion: 4
  m_Component:
  - 4: {fileID: 1980101449}
  m_Layer: 0
  m_Name: Screenshots
  m_TagString: Untagged
  m_Icon: {fileID: 0}
  m_NavMeshLayer: 0
  m_StaticEditorFlags: 0
  m_IsActive: 1
--- !u!4 &1980101449
Transform:
  m_ObjectHideFlags: 0
  m_PrefabParentObject: {fileID: 400064, guid: eb6e6be14555ba243a64141e7425a7f4, type: 2}
  m_PrefabInternal: {fileID: 1538935971}
  m_GameObject: {fileID: 1980101448}
  m_LocalRotation: {x: 0, y: 0, z: 0, w: 1}
  m_LocalPosition: {x: .210000008, y: -.392851353, z: 0}
  m_LocalScale: {x: 1, y: 1, z: 1}
  m_Children:
  - {fileID: 1026806701}
  - {fileID: 79802183}
  m_Father: {fileID: 1578509295}
